
@misc{NetWC,
title= "Application of network coding in wireless networks: coding conditions and adaptive redundancy control",
author = "Thuong Van Vu",
url = "https://tel.archives-ouvertes.fr/tel-01022166/document"
}
@misc{NetworkCoding,
title= "Network Coding: An Introduction",
author = "Tracey Ho et Desmond S. Lun"
url = "https://authors.library.caltech.edu/88686/1/introNetCoding.pdf"
}
@misc{TutoAndroid,
title= "Développez votre première application Android",
url = "https://openclassrooms.com/fr/courses/4517166-developpez-votre-premiere-application-android"
}

